@article{standard-based-SLD-AG,
    title={A standard-based approach for Auto-drawing single line diagrams of multivendor smart distribution systems},
    author={Hussain, A. and Aslam, M. and Arif, S. M.},
    publisher={Department of Electrical Engineer, Inkeon National University},
    address={Inkeon, South Korea},
    doi={1.1106/j.ijepes.2017.10.003},
    month={November},
    year={2017},
}

@article{Distribution-feeder,
    title={Distribution feeder one-line diagram generation: a visibility representation},
    author={Nagendra Rao, P. S. and Ravishankar, D.},
    publisher={Department of Electrical Engineering, Indian Institute of Science},
    address={560012, India},
    doi={10.1016/j.espr.2003.12.005},
    month={January},
    year={2004}
}

@article{AlgoAIG,
    @title={Algoritms for automatic generation of one-line diagrams},
    @author={Ong, Y. S. and Goi, H. B. and Chan, C. K.},
    publisher={School of Electrical and Electronic Engineering, Nanyang Technological University,},
    address={Singapore, Republic of Singapore},
    doi={10.1049/ip-gtd:20000561},
    ISSN={1350-2360},
    year={2000},
    month={September},
}

@article{CIMIntelliGrid,
	title={{IntelliGrid Common Infomation Model Primer: Second Edition}},
	author={McMorran, A. W.},
	publisher={EPRI},
	address={Palo Alto, CA},
	ISSN={3002-001040},
	number={},
	pages={},
	year={2013}
}

@article{CIM-gestion-energie,
	title={{Interface de programmation d'application pour système de gestion d'énergie (EMS-API)}},
	author={International Electrotechnical Commission},
	publisher={AFNOR},
	dow={2017-04-01},
	number={},
	pages={},
	year={2014}
}


@article{CIMDistribution,
  title={{The common international model for distribution: an introduction to the CIM for Integrating Distribution Application and Systems}},
  author={Nielsen, T.},
  address={Palo Alto, CA},
  publisher={EPRI},
  ISSN={1001-6058},
  pages={93},
  year={2008},
}

@article{CIMIEE,
  author={Haq, E. and Haller, D. and Rahman, K. A. and Iverson, B.},
  booktitle={2011 IEEE Power and Energy Society General Meeting},
  title={Use of Common Infomation Model (CIM) in Electricity Market at california ISO},
  year={2011},
  volume={},
  numer={},
  pages={1-6},
  keywords={ISO standards; power engineering computing; powergrids; power markets; CIM; California open-market; whole salepower grid},
  doi={10.1109/PES.2011.6039707},
  ISSN={1932-5517},
  month={July},
  }

@article{CIMjava,
  author={McMorran, A. W. and Ault, G. W. and Morgan, C. and Elders, I. M. and McDonald, J. R.},
  journal={IEEE Transactions on Power Systems},
  title={A common infoamtion model (CIM) toolkit framework implemented in Java},
  year={2006},
  volume={21},
  number={1},
  pages={194-201},
  keywords={Java; power systems analysis computing; power system reliability; intermediary exchange language; CIM; XML},
  doi={10.1109/TPWRS.2005.857846},
  ISSN={0885-8950},
  month={February},
  }
  
@article{IEC-2003,
    author={{IEC}},
    title={IEC 61970 Energy management system application program interface (EMS-API) - Part 301: Common Internatinoal Model (CIM) Base},
    publisher={Edition 1.0},
    year={November 2003},
    }  

@article{IEC-application,
    author={{IEC}},
    title={IEC 61968 Application integration at electric utilites - System interfaces for distribution management - Part 11: Common Information Model (CIM)},
    publisher={IEC Draft},
    }
  
@article{IEC-normative,
    author={{IEC}},
    title={IEC 60038 (all parts): International Standard - IEC standard voltages},
    publisher={IEC},
    year={1983},
    }

@article{Eyevision,
    author={Gregor, K. and Danihelka, I. and Graves, A. and Jimenez Drezende, D. and Wiersta, D.},
    title={DRAW: A recurrent neuronal for image generation},
    publisher={Google},
    year={2015},
    month={May},
    }
    
@article{Naturallanguage,
    author={Hède, P. and Moelic, P.A. and Bourgeoys, J. and Joint, M. and Thomas, C.},
    title={Automatic generation of natural language description for images},
    publisher={CEA Fontenay aux Roses, E.S.I.E.A.},
    year={2004},
}

@article{Automaticimageannotation,
    author={Jean, J. and Lavrenko, V. and Mammatha, R.},
    title={Autotmatic image annotation and retrieval using cross-media relevance models},
    publisher={University of Massachusets},
    year={2003},
    doi={10.1145/860435.860459},
    Pages={119-126},
}

@article{Genetic_algorithms,
    author={Mantere, T. and Alander, J.},
    title={Automatic image generation by genetic algorithms for testing halftoning methods},
    publisher={Intelligent vision and smart manufacturing},
    year={2000},
    doi={10.1117/12.403775},
}

@article{Automaticdescgeneration,
    author={Bernardi, R. and Caciki, R. and Elliott, D. and Erdem, A. and Erdem, E.},
    title={Automatic Descritpion Generation for Images: A Survey of Models, Datasets and Evaluation Measures},
    publisher={University of Trento, Middle East Technical University, University of Amsterdam, Hacettepe University, University of Edinburgh, University of Groningen, University of Malta},
    year={2017},
}

@article{Deep_learning_image_to_text,
    author={Xiaodong,H. and Deng,L.},
    title={Deep Learning for Image-to-Text Generation: A Technical Overview},
    publisher={IEEE},
    year={2017},
    month={November},
    doi={10.1109/MSP.2017.2741510},
    Pages={109-116},
    }
    
@article{Software_diagrams,
    author={Protsko, L.B. and Sorenson, P.G. and Tremblay, J.P. and Schaefer, D.A.},
    journal={IEEE Transactions on Software Engineering},
    title={Towards the automatic generation of software diagrams},
    year={1991},
    volume={17},
    number={1},
    pages={10-21},
    keywords={diagrams, automatic generation, computer-aided software engineering, dataflow diagrams, graphical representation, layout algorithms},
    doi={10.1109/32.67575},
    ISSN={0098-5589},
    month={Jan},
}

@book{Note_accompagenement,
  author = {De Vellis, Rte property* - written by P. and Sarasola, G.},
  year = {2017},
  title = {{Note d'accompagenement du profil CIM-RTE}},
  publisher = {{RTE-NTE-NSIT-DSIT-DPOSE-STANWAY}},
}

@book{Infos_GAI,
  title={{Information pour la GAI de Network Manager}},
  author = { Leduc, Rte property* - written by F. and Nouahlaguet, P. and De Vellis, P. and Pollak, T.},
  year = {2018},
  publisher = {{RTE-NTE-NSIT-DSIT-DPOSE-STANWAY}},
}

@book{specif_detaillees_GAI,
  title={{Spécifications fonctionnelles détaillées de la Géneration Automatique d'Imates (GAI) de l'application FCS}},
  author={Gollnick, Rte property* - written by M. and Sarasola, G.},
  year={2012},
  publisher={{RTE-NT-PSI-CIMSI-DPOSE-OTG}}
}

@book{guide_GAI,
  title={{Guide d’implémentation – Profil CIM RTE}},
  author={Leduc, Rte property* - written by J. and Cossonnet, J.},
  year={2018},
  publisher={{RTE-DSIT-DPOSE-STANWAY}}
}

@book{cahier_dpc2,
    author={Sarasola, Rte property* - written by G. and Hamoudi, A. and Cougny, F. and Kasper, O.},
    year= {2017},
    title={{Cahier de Mapping. Profil CIM RTE-DPC2}},
    publisher={{NT-SI-DSIT-CIMPSI-DPOSE}}
}

@book{doctrine_cod_sites,
    author={Richez, Rte property* - written by A. and Virlogeux, M. and Herz, O. and Mattatia, R.},
    year= {2010},
    title={{Doctrine de codification nationale des sites géographiques}},
    publisher={{DIR-DF-CIREF}}
}

@book{doctrine_cod_liaisons,
    author={Teyssier, Rte property* - written by A. and Archain, D. and Delcourt, P. and Le Stum, M.},
    year= {2008},
    title= {Doctrine de codification nationale des objets fonctionnels liaison},
    publisher={{T-SI-CIREF}}
}

@book{doctrine_cod_postes,
    author={Museur, Rte property* - written by G. and Le Stum, M. and Papot, G.},
    year={2009},
    title={Doctrine de codificaition nationale des objets fonctionnels postes},
    publisher={{NT-DF-CIREF}}
}

@book{gai_thales,
    author={Baglin, Thales property* - written by P.},
    year={2001},
    title={Etude sur la génération automatique d'images},
    publisher={{SRC}},
    ISSN={121600-NT-01-133}
}

@article{CIM-GIS,
    author={ESRI},
    year={2013},
    title={GIS to CIM Data Translation Template Reference Guide},
    publisher={{ESRI}}
}

@article{Network_analyst,
    author={ESRI},
    year={2012},
    title={Tutorial de Network Analyst},
    publisher={{ESRI}}
}

@article{IEC_xml-rdf,
    author={IEC},
    year={2006},
    title={Energy management system application program interface (EMS-API) – Part 501: Common Information Model Resource Description Framework (CIM RDF) schema},
    ISBN={978-2-8322-3637-6},
    publisher={{International Electrothecnical Commission}}
}

@article{IEC_CIM_static,
    author={IEC},
    year={2017},
    title={Energy management system application program interface (EMS-API) – Part 452: CIM static transmission network model profiles},
    ISBN={978-2-8322-4506-4},
    publisher={{International Electrothecnical Commission}}
}

@article{IEC_CIM_convention,
    author={IEC},
    year={2013},
    title={IEC 61970 Energy management system application program interface (EMS-API) – Part 301: Common Information Model (CIM) base},
    ISBN={978-2-8322-1291-2},
    publisher={{International Electrothecnical Commission}}
}

@article{Brandenburg:1995:647547,
 editor = {Brandenburg, Franz-Josef},
 title = {GD '95: Proceedings of the Symposium on Graph Drawing},
 year = {1996},
 isbn = {3-540-60723-4},
 publisher = {Springer-Verlag},
 address = {Berlin, Heidelberg},
}

@article{7407262, 
 author={}, 
 journal={IEEE 315-1971 (ANSI Y32.2-1970)}, 
 title={IEEE Standard and American National Standard for Electrical and Electronics Diagrams (Including Reference Designation class Designation Letters)}, 
 year={1971}, 
 volume={}, 
 number={}, 
 pages={1-92}, 
 keywords={ANSI standards;IEEE standards;semiconductor devices;UHF antennas;VHF antennas;IEEE standard;American National standard;electrical and electronics diagrams;reference designation class designation letters;USA Standard Graphic Symbols;IEEE Std. Y32.2-1967;antenna area;transmission path;thermal relays;VHF-UHF-SHF circuit devices;semiconductor devices;graphic symbols;special-purpose maintenance diagrams;analog computer symbols;IEEE Std. 166;coordinate-grid size;IEEE Std. 315-1971;IEEE Std. 315-1967 Revision;IEEE Standards;ANSI Standards;Electronics diagrams;Graphics;Symbols;Semiconductor devices;Maintenance engineering}, 
 doi={10.1109/IEEESTD.1971.7407262}, 
 ISSN={}, 
 month={Nov},}

@article{automatic-layout-bpmn,
author = {Kitzmann, Ingo and König, Christoph and Lübke, Daniel and Singer, Leif},
year = {2009},
month = {July},
pages = {391-398},
title = {A Simple Algorithm for Automatic Layout of BPMN Processes},
booktitle = {2009 IEEE Conference on Commerce and Enterprise Computing, CEC 2009}
}

@article{automatic-orthogonal-graph,
author = {Jianjing, Sun},
year = {2017},
month = {June},
pages = {8-32},
title = {Automatic Orthogonal Graph Layout},
booktitle = {Hamburg University of Technology}
}

@article{aig-state-of-art-softwares,
author = {Junger, Michael and Mutzel, Petra},
doi={10.1007/978-3-642-186387-7},
ISBN={978-3-642-62214-4},
year = {2004},
pages = {77-281},
title = {Graph Drawing Software},
}

@article{algorithm-biological-data,
author = {Enright, Anthon J.  and Ouzonis, Chirthos A.},
pages={853-854},
year = {2001},
title = {BioLayout-An automatic graph layout algorithm for similarity visualization},
}
@article{layout-adjustement-mental-map,
author = {Misue, Kazuo and Eades, Peter and Lai, Wei and Sugiyama, Koyo},
journal={Institute for Social Informatic Science (ISIS) - Fujitsu Laboratories LTD.},
ISSN={0919-6617},
year = {1994},
title = {Layout Adjustement and Mental Map},
}